<marc:record>
<marc:leader>02720cam a2200541 a 4500</marc:leader>
<marc:controlfield tag="001">199580</marc:controlfield>
<marc:controlfield tag="005">20141120170855.0</marc:controlfield>
<marc:controlfield tag="008">851220s1769    enk           00000 eng d</marc:controlfield>
<marc:datafield ind1=" " ind2=" " tag="035">
<marc:subfield code="a">(OCoLC)ocm16111168</marc:subfield>
</marc:datafield>
<marc:datafield ind1=" " ind2=" " tag="035">
<marc:subfield code="a">(OCoLC)16111168</marc:subfield>
</marc:datafield>
<marc:datafield ind1=" " ind2=" " tag="035">
<marc:subfield code="a">(CStRLIN)PAUG85-B45204</marc:subfield>
</marc:datafield>
<marc:datafield ind1=" " ind2=" " tag="035">
<marc:subfield code="a">(CaOTULAS)121284631</marc:subfield>
</marc:datafield>
<marc:datafield ind1=" " ind2=" " tag="035">
<marc:subfield code="9">ABC4503</marc:subfield>
</marc:datafield>
<marc:datafield ind1=" " ind2=" " tag="035">
<marc:subfield code="a">199580</marc:subfield>
</marc:datafield>
<marc:datafield ind1=" " ind2=" " tag="040">
<marc:subfield code="a">PU</marc:subfield>
<marc:subfield code="c">PU</marc:subfield>
</marc:datafield>
<marc:datafield ind1=" " ind2=" " tag="090">
<marc:subfield code="a">PR3291.A1</marc:subfield>
<marc:subfield code="b">F88 1769</marc:subfield>
<marc:subfield code="i">01/03/86 CT</marc:subfield>
</marc:datafield>
<marc:datafield ind1="0" ind2="4" tag="245">
<marc:subfield code="a">The Fruitless repentance, or the history of Miss Kitty Le Fever. In two volumes. Vol. 1.</marc:subfield>
<marc:subfield code="b">in two volumes.</marc:subfield>
</marc:datafield>
<marc:datafield ind1="3" ind2=" " tag="246">
<marc:subfield code="a">The Fruitless repentance, or The history of Miss Kitty Le Fever: in two volumes.</marc:subfield>
<marc:subfield code="d">Letter-press</marc:subfield>
<marc:subfield code="g">Full</marc:subfield>
<marc:subfield code="v">v.1</marc:subfield>
<marc:subfield code="x">Volume</marc:subfield>
</marc:datafield>
<marc:datafield ind1="3" ind2=" " tag="246">
<marc:subfield code="a">The Fruitless repentance, or The history of Miss Kitty Le Fever.</marc:subfield>
<marc:subfield code="d">Letter-press</marc:subfield>
<marc:subfield code="g">Full</marc:subfield>
<marc:subfield code="v">v.2</marc:subfield>
<marc:subfield code="x">Volume</marc:subfield>
</marc:datafield>
<marc:datafield ind1="0" ind2="7" tag="246">
<marc:subfield code="a">The History of Miss Le Fever.</marc:subfield>
<marc:subfield code="v">v.1</marc:subfield>
<marc:subfield code="v">v.2</marc:subfield>
</marc:datafield>
<marc:datafield ind1="0" ind2="7" tag="246">
<marc:subfield code="a">The History of (verso)</marc:subfield>
<marc:subfield code="a">Miss Le Fever (recto)</marc:subfield>
<marc:subfield code="v">v.1</marc:subfield>
<marc:subfield code="v">v.2</marc:subfield>
</marc:datafield>
<marc:datafield ind1=" " ind2=" " tag="260">
<marc:subfield code="a">London</marc:subfield>
<marc:subfield code="b">Printed for F. Newbery, the corner of St. Paul's Church Yard.</marc:subfield>
<marc:subfield code="c">1769</marc:subfield>
<marc:subfield code="c">M DCC LXIX</marc:subfield>
<marc:subfield code="v">v.1</marc:subfield>
<marc:subfield code="v">v.2</marc:subfield>
<marc:subfield code="a">[London]</marc:subfield>
</marc:datafield>
<marc:datafield ind1=" " ind2=" " tag="300">
<marc:subfield code="a">2 v. ;</marc:subfield>
<marc:subfield code="c">17 cm. (12mo)</marc:subfield>
<marc:subfield code="x">Duodecimo</marc:subfield>
<marc:subfield code="z">In two volumes.</marc:subfield>
<marc:subfield code="a">[2 v.]</marc:subfield>
</marc:datafield>
<marc:datafield ind1=" " ind2=" " tag="500">
<marc:subfield code="a">Doubtfully attributed to Mrs. Inchbald.</marc:subfield>
</marc:datafield>
<marc:datafield ind1=" " ind2=" " tag="500">
<marc:subfield code="a">Two volumes bound in one.</marc:subfield>
</marc:datafield>
<marc:datafield ind1=" " ind2=" " tag="500">
<marc:subfield code="a">Bound in 19th century style.</marc:subfield>
</marc:datafield>
<marc:datafield ind1=" " ind2=" " tag="500">
<marc:subfield code="a">University of Pennsylvania library bookplate on front board. Reads: ""The Godrey F. Singer memorial presented by Mr. and Mrs. Jacob Singer."</marc:subfield>
</marc:datafield>
<marc:datafield ind1=" " ind2=" " tag="500">
<marc:subfield code="a">Library marginalia on back leaf, front leaf and first page of text.</marc:subfield>
</marc:datafield>
<marc:datafield ind1=" " ind2=" " tag="500">
<marc:subfield code="a">Marginalia suggests that the book was sold for &amp;#x20A4;3.10.</marc:subfield>
</marc:datafield>
<marc:datafield ind1="4" ind2=" " tag="510">
<marc:subfield code="a">ESTC (RLIN)</marc:subfield>
<marc:subfield code="c">T107703</marc:subfield>
</marc:datafield>
<marc:datafield ind1="4" ind2=" " tag="510">
<marc:subfield code="a">Raven, J.  British fiction, 1750-1770,</marc:subfield>
<marc:subfield code="c">1267</marc:subfield>
</marc:datafield>
<marc:datafield ind1="4" ind2=" " tag="510">
<marc:subfield code="a">Block, A.  Engl. novel (1961 ed.),</marc:subfield>
<marc:subfield code="c">p 79</marc:subfield>
</marc:datafield>
<marc:datafield ind1=" " ind2=" " tag="592">
<marc:subfield code="a">Epistolary</marc:subfield>
</marc:datafield>
<marc:datafield ind1=" " ind2=" " tag="595">
<marc:subfield code="a">Pencil</marc:subfield>
<marc:subfield code="b">Numbers</marc:subfield>
<marc:subfield code="x">On verso of first leaf of book.</marc:subfield>
<marc:subfield code="x">Transcription: ""&amp;#x20A4;3-10-0"</marc:subfield>
</marc:datafield>
<marc:datafield ind1=" " ind2=" " tag="590">
<marc:subfield code="a">Bound in one vol.</marc:subfield>
</marc:datafield>
<marc:datafield ind1=" " ind2="4" tag="650">
<marc:subfield code="a">CHR 1769</marc:subfield>
</marc:datafield>
<marc:datafield ind1=" " ind2=" " tag="656">
<marc:subfield code="a">Mixed Genre</marc:subfield>
<marc:subfield code="b">Front</marc:subfield>
<marc:subfield code="c">Same publisher</marc:subfield>
<marc:subfield code="v">v.2</marc:subfield>
<marc:subfield code="x">Works advertised include some fiction titles: Vicar of Wakefield, Novellas Espanolas.</marc:subfield>
</marc:datafield>
<marc:datafield ind1="1" ind2=" " tag="700">
<marc:subfield code="a">Inchbald,</marc:subfield>
<marc:subfield code="c">Mrs.,</marc:subfield>
<marc:subfield code="d">1753-1821.</marc:subfield>
<marc:subfield code="4">Supposed author (text)</marc:subfield>
<marc:subfield code="5">Authorized</marc:subfield>
</marc:datafield>
<marc:datafield ind1="1" ind2=" " tag="700">
<marc:subfield code="a">Newbery, F</marc:subfield>
<marc:subfield code="d">d. 1780</marc:subfield>
<marc:subfield code="4">Printed for</marc:subfield>
<marc:subfield code="5">Authorized</marc:subfield>
</marc:datafield>
<marc:datafield ind1="1" ind2=" " tag="700">
<marc:subfield code="a">Gibbes, Phebe</marc:subfield>
<marc:subfield code="d">d. 1805</marc:subfield>
<marc:subfield code="4">Author (text)</marc:subfield>
<marc:subfield code="5">Authorized</marc:subfield>
</marc:datafield>
<marc:datafield ind1="0" ind2=" " tag="740">
<marc:subfield code="a">Kitty Le Fever.</marc:subfield>
</marc:datafield>
<marc:datafield ind1="2" ind2=" " tag="710">
<marc:subfield code="a">Collection of British and American Fiction, 1660-1830 (University of Pennsylvania)</marc:subfield>
<marc:subfield code="5">PU</marc:subfield>
</marc:datafield>
<marc:datafield ind1="2" ind2=" " tag="710">
<marc:subfield code="a">Early Novels</marc:subfield>
<marc:subfield code="5">University of Pennsylvania</marc:subfield>
</marc:datafield>
<marc:datafield ind1=" " ind2=" " tag="752">
<marc:subfield code="a">England</marc:subfield>
<marc:subfield code="d">London.</marc:subfield>
</marc:datafield>
<marc:datafield ind1=" " ind2=" " tag="950">
<marc:subfield code="l">RBC</marc:subfield>
<marc:subfield code="e">\\\\\\\\Singer-\\\\Menden-\\\\hall\\\\</marc:subfield>
<marc:subfield code="v">2 v.</marc:subfield>
<marc:subfield code="i">01/03/86 C</marc:subfield>
</marc:datafield>
<marc:datafield ind1=" " ind2=" " tag="955">
<marc:subfield code="l">RBC</marc:subfield>
<marc:subfield code="c">1:(v.1-2)</marc:subfield>
<marc:subfield code="q">726169</marc:subfield>
<marc:subfield code="s">in 1</marc:subfield>
<marc:subfield code="i">01/03/86 C</marc:subfield>
</marc:datafield>
<marc:datafield ind1=" " ind2=" " tag="989">
<marc:subfield code="3">Fruitless</marc:subfield>
<marc:subfield code="2">Repentance</marc:subfield>
<marc:subfield code="2">History</marc:subfield>
<marc:subfield code="5">Kitty Le Fever</marc:subfield>
<marc:subfield code="3">Two</marc:subfield>
<marc:subfield code="2">Volume</marc:subfield>
</marc:datafield>
<marc:datafield ind1=" " ind2=" " tag="999">
<marc:subfield code="a">GE</marc:subfield>
<marc:subfield code="b">6/19/15</marc:subfield>
<marc:subfield code="c">Swarthmore College</marc:subfield>
<marc:subfield code="d">KS</marc:subfield>
</marc:datafield>
</marc:record>